% BiBTeX Sample Database

@Preamble{ {\hyphenation{Post-Script Sprin-ger}}
}

@String{AW = {{Ad\-di\-son-Wes\-ley}}}
@String{AW:adr = {Reading, Massachusetts}}
@String{j-TUGboat = {TUGboat}}

@ARTICLE{penna,
   author = {{Penna}, R.~F. and {S\c{a}dowski}, A. and {McKinney}, J.~C.
	},
    title = "{Thin-disc theory with a non-zero-torque boundary condition and comparisons with simulations}",
  journal = {\mnras},
archivePrefix = "arXiv",
   eprint = {1110.6556},
 primaryClass = "astro-ph.HE",
 keywords = {accretion, accretion discs, black hole physics, gravitation, hydrodynamics, MHD},
     year = 2012,
    month = feb,
   volume = 420,
    pages = {684-698},
      doi = {10.1111/j.1365-2966.2011.20084.x},
   adsurl = {http://adsabs.harvard.edu/abs/2012MNRAS.420..684P},
  adsnote = {Provided by the SAO/NASA Astrophysics Data System}
}

@ARTICLE{PT74,
   author = {{Page}, D.~N. and {Thorne}, K.~S.},
    title = "{Disk-Accretion onto a Black Hole. Time-Averaged Structure of Accretion Disk}",
  journal = {\apj},
     year = 1974,
    month = jul,
   volume = 191,
    pages = {499-506},
      doi = {10.1086/152990},
   adsurl = {http://adsabs.harvard.edu/abs/1974ApJ...191..499P},
  adsnote = {Provided by the SAO/NASA Astrophysics Data System}
}

@INPROCEEDINGS{NT73,
   author = {{Novikov}, I.~D. and {Thorne}, K.~S.},
    title = "{Astrophysics of black holes.}",
booktitle = {Black Holes (Les Astres Occlus)},
     year = 1973,
   editor = {{Dewitt}, C. and {Dewitt}, B.~S.},
    pages = {343-450},
publisher = {Gordon \& Breach, New York},
   adsurl = {http://adsabs.harvard.edu/abs/1973blho.conf..343N},
  adsnote = {Provided by the SAO/NASA Astrophysics Data System}
}

@ARTICLE{thorne,
   author = {{Thorne}, K.~S.},
    title = "{Disk-Accretion onto a Black Hole. II. Evolution of the Hole}",
  journal = {\apj},
     year = 1974,
    month = jul,
   volume = 191,
    pages = {507-520},
      doi = {10.1086/152991},
   adsurl = {http://adsabs.harvard.edu/abs/1974ApJ...191..507T},
  adsnote = {Provided by the SAO/NASA Astrophysics Data System}
}

@ARTICLE{BZ77,
   author = {{Blandford}, R.~D. and {Znajek}, R.~L.},
    title = "{Electromagnetic extraction of energy from Kerr black holes}",
  journal = {\mnras},
 keywords = {BLACK HOLES (ASTRONOMY), ELECTROMAGNETIC FIELDS, ENERGY SOURCES, ROTATING MATTER, ACTIVE GALACTIC NUCLEI, ASTROPHYSICS, ELECTRON-POSITRON PAIRS, PAIR PRODUCTION},
     year = 1977,
    month = may,
   volume = 179,
    pages = {433-456},
   adsurl = {http://adsabs.harvard.edu/abs/1977MNRAS.179..433B},
  adsnote = {Provided by the SAO/NASA Astrophysics Data System}
}

@ARTICLE{BP75,
   author = {{Bardeen}, J.~M. and {Petterson}, J.~A.},
    title = "{The Lense-Thirring Effect and Accretion Disks around Kerr Black Holes}",
  journal = {\apjl},
     year = 1975,
    month = jan,
   volume = 195,
    pages = {L65},
      doi = {10.1086/181711},
   adsurl = {http://adsabs.harvard.edu/abs/1975ApJ...195L..65B},
  adsnote = {Provided by the SAO/NASA Astrophysics Data System}
}

@ARTICLE{abram80,
   author = {{Abramowicz}, M.~A. and {Lasota}, J.~P.},
    title = "{Spin-up of black holes by thick accretion disks}",
  journal = {\actaa},
 keywords = {ASTROPHYSICS, BLACK HOLES (ASTRONOMY), SPIN DYNAMICS, STELLAR MASS ACCRETION, ANGULAR MOMENTUM, CIRCULAR ORBITS},
     year = 1980,
   volume = 30,
    pages = {35-39},
   adsurl = {http://adsabs.harvard.edu/abs/1980AcA....30...35A},
  adsnote = {Provided by the SAO/NASA Astrophysics Data System}
}

@ARTICLE{SS73,
   author = {{Shakura}, N.~I. and {Sunyaev}, R.~A.},
    title = "{Black holes in binary systems. Observational appearance.}",
  journal = {\aap},
     year = 1973,
   volume = 24,
    pages = {337-355},
   adsurl = {http://adsabs.harvard.edu/abs/1973A%26A....24..337S},
  adsnote = {Provided by the SAO/NASA Astrophysics Data System}
}

@ARTICLE{hyperborodov,
   author = {{Chen}, W.-X. and {Beloborodov}, A.~M.},
    title = "{Neutrino-cooled Accretion Disks around Spinning Black Holes}",
  journal = {\apj},
   eprint = {arXiv:astro-ph/0607145},
 keywords = {Accretion, Accretion Disks, Dense Matter, Gamma Rays: Bursts},
     year = 2007,
    month = mar,
   volume = 657,
    pages = {383-399},
      doi = {10.1086/508923},
   adsurl = {http://adsabs.harvard.edu/abs/2007ApJ...657..383C},
  adsnote = {Provided by the SAO/NASA Astrophysics Data System}
}

@ARTICLE{honma,
   author = {{Honma}, F.},
    title = "{Global Structure of Bimodal Accretion Disks around a Black Hole}",
  journal = {\pasj},
 keywords = {ACCRETION DISKS, STARS : BINARIES -, STARS : X-RAYS},
     year = 1996,
    month = feb,
   volume = 48,
    pages = {77-87},
   adsurl = {http://adsabs.harvard.edu/abs/1996PASJ...48...77H},
  adsnote = {Provided by the SAO/NASA Astrophysics Data System}
}

@ARTICLE{evaporation,
   author = {{Meyer}, F. and {Liu}, B.~F. and {Meyer-Hofmeister}, E.},
    title = "{Evaporation: The change from accretion via a thin disk to a coronal flow}",
  journal = {\aap},
   eprint = {arXiv:astro-ph/0007091},
 keywords = {ACCRETION, ACCRETION DISKS, BLACK HOLE PHYSICS, X-RAYS: STARS, STARS: INDIVIDUAL: CYGNUS X-1, NOVA MUSCAE 1991, GALAXIES: NUCLEI},
     year = 2000,
    month = sep,
   volume = 361,
    pages = {175-188},
   adsurl = {http://adsabs.harvard.edu/abs/2000A%26A...361..175M},
  adsnote = {Provided by the SAO/NASA Astrophysics Data System}
}

@ARTICLE{bardeen70,
   author = {{Bardeen}, J.~M.},
    title = "{Kerr Metric Black Holes}",
  journal = {\nat},
     year = 1970,
    month = apr,
   volume = 226,
    pages = {64-65},
      doi = {10.1038/226064a0},
   adsurl = {http://adsabs.harvard.edu/abs/1970Natur.226...64B},
  adsnote = {Provided by the SAO/NASA Astrophysics Data System}
}

@ARTICLE{meyers00,
   author = {{Meyer}, F. and {Liu}, B.~F. and {Meyer-Hofmeister}, E.},
    title = "{Evaporation: The change from accretion via a thin disk to a coronal flow}",
  journal = {\aap},
   eprint = {arXiv:astro-ph/0007091},
 keywords = {ACCRETION, ACCRETION DISKS, BLACK HOLE PHYSICS, X-RAYS: STARS, STARS: INDIVIDUAL: CYGNUS X-1, NOVA MUSCAE 1991, GALAXIES: NUCLEI},
     year = 2000,
    month = sep,
   volume = 361,
    pages = {175-188},
   adsurl = {http://adsabs.harvard.edu/abs/2000A%26A...361..175M},
  adsnote = {Provided by the SAO/NASA Astrophysics Data System}
}

@ARTICLE{uzdensky,
   author = {{Uzdensky}, D.~A.},
    title = "{Force-Free Magnetosphere of an Accretion Disk-Black Hole System. II. Kerr Geometry}",
  journal = {\apj},
   eprint = {arXiv:astro-ph/0410715},
 keywords = {Accretion, Accretion Disks, Black Hole Physics, Galaxies: Active, Magnetic Fields, Magnetohydrodynamics: MHD},
     year = 2005,
    month = feb,
   volume = 620,
    pages = {889-904},
      doi = {10.1086/427180},
   adsurl = {http://adsabs.harvard.edu/abs/2005ApJ...620..889U},
  adsnote = {Provided by the SAO/NASA Astrophysics Data System}
}

@BOOK{electrochandra,
   author = {{Chandrasekhar}, S.},
    title = "{Radiative transfer}",
 keywords = {RADIATIVE TRANSFER, RADIATION, RADIATION SCATTERING},
publisher = {New York: Dover, 1960},
     year = 1960,
   adsurl = {http://adsabs.harvard.edu/abs/1960ratr.book.....C},
  adsnote = {Provided by the SAO/NASA Astrophysics Data System}
}

@ARTICLE{SSZ,
   author = {{Shakura}, N.~I. and {Sunyaev}, R.~A. and {Zilitinkevich}, S.~S.
	},
    title = "{On the turbulent energy transport in accretion discs}",
  journal = {\aap},
 keywords = {BLACK HOLES (ASTRONOMY), STELLAR MASS ACCRETION, THERMAL ENERGY, TURBULENT HEAT TRANSFER, X RAY SOURCES, CONVECTION, RADIATION PRESSURE, THERMAL INSTABILITY},
     year = 1978,
    month = jan,
   volume = 62,
    pages = {179-187},
   adsurl = {http://adsabs.harvard.edu/abs/1978A%26A....62..179S},
  adsnote = {Provided by the SAO/NASA Astrophysics Data System}
}

@ARTICLE{gammie04,
   author = {{Gammie}, C.~F. and {Shapiro}, S.~L. and {McKinney}, J.~C.},
    title = "{Black Hole Spin Evolution}",
  journal = {\apj},
   eprint = {arXiv:astro-ph/0310886},
 keywords = {Accretion, Accretion Disks, Black Hole Physics, Methods: Numerical, Magnetohydrodynamics: MHD},
     year = 2004,
    month = feb,
   volume = 602,
    pages = {312-319},
      doi = {10.1086/380996},
   adsurl = {http://adsabs.harvard.edu/abs/2004ApJ...602..312G},
  adsnote = {Provided by the SAO/NASA Astrophysics Data System}
}

@ARTICLE{PGII,
   author = {{Popham}, R. and {Gammie}, C.~F.},
    title = "{Advection-dominated Accretion Flows in the Kerr Metric. II. Steady State Global Solutions}",
  journal = {\apj},
   eprint = {arXiv:astro-ph/9802321},
 keywords = {ACCRETION, ACCRETION DISKS, BLACK HOLE PHYSICS, RELATIVITY},
     year = 1998,
    month = sep,
   volume = 504,
    pages = {419},
      doi = {10.1086/306054},
   adsurl = {http://adsabs.harvard.edu/abs/1998ApJ...504..419P},
  adsnote = {Provided by the SAO/NASA Astrophysics Data System}
}

@ARTICLE{PGI,
   author = {{Gammie}, C.~F. and {Popham}, R.},
    title = "{Advection-dominated Accretion Flows in the Kerr Metric. I. Basic Equations}",
  journal = {\apj},
   eprint = {arXiv:astro-ph/9705117},
 keywords = {ACCRETION, ACCRETION DISKS, HYDRODYNAMICS, RELATIVITY},
     year = 1998,
    month = may,
   volume = 498,
    pages = {313},
      doi = {10.1086/305521},
   adsurl = {http://adsabs.harvard.edu/abs/1998ApJ...498..313G},
  adsnote = {Provided by the SAO/NASA Astrophysics Data System}
}

@ARTICLE{sadowski11,
   author = {{S{\c a}dowski}, A. and {Bursa}, M. and {Abramowicz}, M. and 
	{Klu{\'z}niak}, W. and {Lasota}, J.-P. and {Moderski}, R. and 
	{Safarzadeh}, M.},
    title = "{Spinning up black holes with super-critical accretion flows}",
  journal = {\aap},
archivePrefix = "arXiv",
   eprint = {1102.2456},
 primaryClass = "astro-ph.HE",
 keywords = {black hole physics, accretion, accretion disks},
     year = 2011,
    month = aug,
   volume = 532,
      eid = {A41},
    pages = {A41},
      doi = {10.1051/0004-6361/201116702},
   adsurl = {http://adsabs.harvard.edu/abs/2011A%26A...532A..41S},
  adsnote = {Provided by the SAO/NASA Astrophysics Data System}
}

@ARTICLE{li05,
   author = {{Li}, L.-X. and {Zimmerman}, E.~R. and {Narayan}, R. and {McClintock}, J.~E.
	},
    title = "{Multitemperature Blackbody Spectrum of a Thin Accretion Disk around a Kerr Black Hole: Model Computations and Comparison with Observations}",
  journal = {\apjs},
   eprint = {arXiv:astro-ph/0411583},
 keywords = {Accretion, Accretion Disks, Black Hole Physics, Radiation Mechanisms: Thermal, X-Rays: Binaries},
     year = 2005,
    month = apr,
   volume = 157,
    pages = {335-370},
      doi = {10.1086/428089},
   adsurl = {http://adsabs.harvard.edu/abs/2005ApJS..157..335L},
  adsnote = {Provided by the SAO/NASA Astrophysics Data System}
}

@ARTICLE{mineo12,
   author = {{Mineo}, S. and {Gilfanov}, M. and {Sunyaev}, R.},
    title = "{X-ray emission from star-forming galaxies - I. High-mass X-ray binaries}",
  journal = {\mnras},
archivePrefix = "arXiv",
   eprint = {1105.4610},
 primaryClass = "astro-ph.HE",
 keywords = {stars: formation, galaxies: irregular, galaxies: spiral, galaxies: starburst, X-rays: binaries, X-rays: galaxies},
     year = 2012,
    month = jan,
   volume = 419,
    pages = {2095-2115},
      doi = {10.1111/j.1365-2966.2011.19862.x},
   adsurl = {http://adsabs.harvard.edu/abs/2012MNRAS.419.2095M},
  adsnote = {Provided by the SAO/NASA Astrophysics Data System}
}

@ARTICLE{eddlimit,
   author = {{Eddington}, A.~S.},
    title = "{A limiting case in the theory of radiative equilibrium}",
  journal = {\mnras},
     year = 1925,
    month = mar,
   volume = 85,
    pages = {408},
   adsurl = {http://adsabs.harvard.edu/abs/1925MNRAS..85..408E},
  adsnote = {Provided by the SAO/NASA Astrophysics Data System}
}

@ARTICLE{RH95,
   author = {{Riffert}, H. and {Herold}, H.},
    title = "{Relativistic Accretion Disk Structure Revisited}",
  journal = {\apj},
 keywords = {ACCRETION, ACCRETION DISKS, BLACK HOLE PHYSICS, RELATIVITY},
     year = 1995,
    month = sep,
   volume = 450,
    pages = {508},
      doi = {10.1086/176161},
   adsurl = {http://adsabs.harvard.edu/abs/1995ApJ...450..508R},
  adsnote = {Provided by the SAO/NASA Astrophysics Data System}
}

@ARTICLE{pasj,
   author = {{Abolmasov}, P. and {Karpov}, S. and {Kotani}, T.},
    title = "{Optically Thick Outflows of Supercritical Accretion Discs: Radiative Diffusion Approach}",
  journal = {\pasj},
archivePrefix = "arXiv",
   eprint = {0809.0917},
 keywords = {accretion, accretion discs, Physical Data and Processes: diffusion, X-rays: individual (SS 433, ULXs)},
     year = 2009,
    month = feb,
   volume = 61,
    pages = {213-},
      doi = {10.1093/pasj/61.2.213},
   adsurl = {http://adsabs.harvard.edu/abs/2009PASJ...61..213A},
  adsnote = {Provided by the SAO/NASA Astrophysics Data System}
}

@ARTICLE{superlens,
   author = {{Abolmasov}, P. and {Shakura}, N.~I.},
    title = "{Microlensing evidence for super-Eddington disc accretion in quasars}",
  journal = {\mnras},
archivePrefix = "arXiv",
   eprint = {1208.1678},
 primaryClass = "astro-ph.CO",
 keywords = {accretion, accretion discs, gravitational lensing: micro, quasars: general.},
     year = 2012,
    month = dec,
   volume = 427,
    pages = {1867-1876},
      doi = {10.1111/j.1365-2966.2012.21881.x},
   adsurl = {http://adsabs.harvard.edu/abs/2012MNRAS.427.1867A},
  adsnote = {Provided by the SAO/NASA Astrophysics Data System}
}

@ARTICLE{sadowski14,
   author = {{S{\c a}dowski}, A. and {Narayan}, R. and {Tchekhovskoy}, A. and 
	{Abarca}, D. and {Zhu}, Y. and {McKinney}, J.~C.},
    title = "{Global simulations of axisymmetric radiative black hole accretion disks in general relativity with a sub-grid magnetic dynamo}",
  journal = {ArXiv e-prints},
archivePrefix = "arXiv",
   eprint = {1407.4421},
 primaryClass = "astro-ph.HE",
 keywords = {Astrophysics - High Energy Astrophysical Phenomena},
     year = 2014,
    month = jul,
   adsurl = {http://adsabs.harvard.edu/abs/2014arXiv1407.4421S},
  adsnote = {Provided by the SAO/NASA Astrophysics Data System}
}

@ARTICLE{supersadowski,
   author = {{S{\c a}dowski}, A. and {Narayan}, R. and {McKinney}, J.~C. and 
	{Tchekhovskoy}, A.},
    title = "{Numerical simulations of super-critical black hole accretion flows in general relativity}",
  journal = {\mnras},
archivePrefix = "arXiv",
   eprint = {1311.5900},
 primaryClass = "astro-ph.HE",
 keywords = {accretion, accretion discs, black hole physics, relativistic processes, methods: numerical, galaxies: jets},
     year = 2014,
    month = mar,
   volume = 439,
    pages = {503-520},
      doi = {10.1093/mnras/stt2479},
   adsurl = {http://adsabs.harvard.edu/abs/2014MNRAS.439..503S},
  adsnote = {Provided by the SAO/NASA Astrophysics Data System}
}


@ARTICLE{poutanen07,
   author = {{Poutanen}, J. and {Lipunova}, G. and {Fabrika}, S. and {Butkevich}, A.~G. and 
	{Abolmasov}, P.},
    title = "{Supercritically accreting stellar mass black holes as ultraluminous X-ray sources}",
  journal = {\mnras},
   eprint = {astro-ph/0609274},
 keywords = {accretion, accretion discs , black hole physics , X-rays: binaries , X-rays: galaxies},
     year = 2007,
    month = may,
   volume = 377,
    pages = {1187-1194},
      doi = {10.1111/j.1365-2966.2007.11668.x},
   adsurl = {http://adsabs.harvard.edu/abs/2007MNRAS.377.1187P},
  adsnote = {Provided by the SAO/NASA Astrophysics Data System}
}

@ARTICLE{slim,
   author = {{S{\c a}dowski}, A.},
    title = "{Slim accretion disks around black holes}",
  journal = {ArXiv e-prints: 1108.0396},
archivePrefix = "arXiv",
   eprint = {1108.0396},
 primaryClass = "astro-ph.HE",
 keywords = {Astrophysics - High Energy Astrophysical Phenomena},
     year = 2011,
    month = aug,
   adsurl = {http://adsabs.harvard.edu/abs/2011arXiv1108.0396S},
  adsnote = {Provided by the SAO/NASA Astrophysics Data System}
}

@ARTICLE{collin,
   author = {{Collin}, S. and {Boisson}, C. and {Mouchet}, M. and {Dumont}, A.-M. and 
	{Coup{\'e}}, S. and {Porquet}, D. and {Rokaki}, E.},
    title = "{Are quasars accreting at super-Eddington rates?}",
  journal = {\aap},
   eprint = {astro-ph/0203439},
 keywords = {quasars: general, accretion, accretion disks, galaxies: active},
     year = 2002,
    month = jun,
   volume = 388,
    pages = {771-786},
      doi = {10.1051/0004-6361:20020550},
   adsurl = {http://adsabs.harvard.edu/abs/2002A%26A...388..771C},
  adsnote = {Provided by the SAO/NASA Astrophysics Data System}
}

@BOOK{winds,
   author = {{Lamers}, H.~J.~G.~L.~M. and {Cassinelli}, J.~P.},
    title = "{Introduction to Stellar Winds}",
booktitle = {Introduction to Stellar Winds, by Henny J.~G.~L.~M.~Lamers and Joseph P.~Cassinelli, pp.~452.~ISBN 0521593980.~Cambridge, UK: Cambridge University Press, June 1999.},
     year = 1999,
    month = jun,
   adsurl = {http://adsabs.harvard.edu/abs/1999isw..book.....L},
  adsnote = {Provided by the SAO/NASA Astrophysics Data System}
}

@ARTICLE{ALP,
   author = {{Abramowicz}, M.~A. and {Lanza}, A. and {Percival}, M.~J.},
    title = "{Accretion Disks around Kerr Black Holes: Vertical Equilibrium Revisited}",
  journal = {\apj},
 keywords = {Accretion, Accretion Disks, Black Hole Physics, Hydrodynamics, Relativity},
     year = 1997,
    month = apr,
   volume = 479,
    pages = {179-183},
   adsurl = {http://adsabs.harvard.edu/abs/1997ApJ...479..179A},
  adsnote = {Provided by the SAO/NASA Astrophysics Data System}
}

@BOOK{ST,
   author = {{Shapiro}, S.~L. and {Teukolsky}, S.~A.},
    title = "{Black Holes, White Dwarfs and Neutron Stars: The Physics of Compact Objects}",
booktitle = {Black Holes, White Dwarfs and Neutron Stars: The Physics of Compact Objects, by Stuart L.~Shapiro, Saul A.~Teukolsky, pp.~672.~ISBN 0-471-87316-0.~Wiley-VCH , June 1986.},
publisher = {Wiley-VCH},
     year = 1986,
    month = jun,
   adsurl = {http://adsabs.harvard.edu/abs/1986bhwd.book.....S},
  adsnote = {Provided by the SAO/NASA Astrophysics Data System}
}

@ARTICLE{mortlock11,
   author = {{Mortlock}, D.~J. and {Warren}, S.~J. and {Venemans}, B.~P. and 
	{Patel}, M. and {Hewett}, P.~C. and {McMahon}, R.~G. and {Simpson}, C. and 
	{Theuns}, T. and {Gonz{\'a}les-Solares}, E.~A. and {Adamson}, A. and 
	{Dye}, S. and {Hambly}, N.~C. and {Hirst}, P. and {Irwin}, M.~J. and 
	{Kuiper}, E. and {Lawrence}, A. and {R{\"o}ttgering}, H.~J.~A.
	},
    title = "{A luminous quasar at a redshift of z = 7.085}",
  journal = {\nat},
archivePrefix = "arXiv",
   eprint = {1106.6088},
 primaryClass = "astro-ph.CO",
     year = 2011,
    month = jun,
   volume = 474,
    pages = {616-619},
      doi = {10.1038/nature10159},
   adsurl = {http://adsabs.harvard.edu/abs/2011Natur.474..616M},
  adsnote = {Provided by the SAO/NASA Astrophysics Data System}
}

@ARTICLE{madau14,
   author = {{Madau}, P. and {Haardt}, F. and {Dotti}, M.},
    title = "{Super-critical Growth of Massive Black Holes from Stellar-mass Seeds}",
  journal = {\apjl},
archivePrefix = "arXiv",
   eprint = {1402.6995},
 primaryClass = "astro-ph.CO",
 keywords = {accretion, accretion disks, black hole physics, cosmology: miscellaneous, galaxies: high-redshift },
     year = 2014,
    month = apr,
   volume = 784,
      eid = {L38},
    pages = {L38},
      doi = {10.1088/2041-8205/784/2/L38},
   adsurl = {http://adsabs.harvard.edu/abs/2014ApJ...784L..38M},
  adsnote = {Provided by the SAO/NASA Astrophysics Data System}
}


@ARTICLE{floyd09,
   author = {{Floyd}, D.~J.~E. and {Bate}, N.~F. and {Webster}, R.~L.},
    title = "{The accretion disc in the quasar SDSS J0924+0219}",
  journal = {\mnras},
archivePrefix = "arXiv",
   eprint = {0905.2651},
 primaryClass = "astro-ph.HE",
 keywords = {accretion, accretion discs , gravitational lensing , quasars: individual: SDSS J0924+0219},
     year = 2009,
    month = sep,
   volume = 398,
    pages = {233-239},
      doi = {10.1111/j.1365-2966.2009.15045.x},
   adsurl = {http://adsabs.harvard.edu/abs/2009MNRAS.398..233F},
  adsnote = {Provided by the SAO/NASA Astrophysics Data System}
}

@ARTICLE{blackburne,
   author = {{Blackburne}, J.~A. and {Pooley}, D. and {Rappaport}, S. and 
	{Schechter}, P.~L.},
    title = "{Sizes and Temperature Profiles of Quasar Accretion Disks from Chromatic Microlensing}",
  journal = {\apj},
archivePrefix = "arXiv",
   eprint = {1007.1665},
 primaryClass = "astro-ph.CO",
 keywords = {accretion, accretion disks, gravitational lensing: strong, quasars: general},
     year = 2011,
    month = mar,
   volume = 729,
      eid = {34},
    pages = {34},
      doi = {10.1088/0004-637X/729/1/34},
   adsurl = {http://adsabs.harvard.edu/abs/2011ApJ...729...34B},
  adsnote = {Provided by the SAO/NASA Astrophysics Data System}
}


@ARTICLE{PopIII,
   author = {{Bromm}, V. and {Larson}, R.~B.},
    title = "{The First Stars}",
  journal = {\araa},
   eprint = {astro-ph/0311019},
     year = 2004,
    month = sep,
   volume = 42,
    pages = {79-118},
      doi = {10.1146/annurev.astro.42.053102.134034},
   adsurl = {http://adsabs.harvard.edu/abs/2004ARA%26A..42...79B},
  adsnote = {Provided by the SAO/NASA Astrophysics Data System}
}

@ARTICLE{greiner01,
   author = {{Greiner}, J. and {Cuby}, J.~G. and {McCaughrean}, M.~J.},
    title = "{An unusually massive stellar black hole in the Galaxy}",
  journal = {\nat},
   eprint = {astro-ph/0111538},
     year = 2001,
    month = nov,
   volume = 414,
    pages = {522-525},
      doi = {10.1038/35107019},
   adsurl = {http://adsabs.harvard.edu/abs/2001Natur.414..522G},
  adsnote = {Provided by the SAO/NASA Astrophysics Data System}
}

@ARTICLE{nedwright,
   author = {{Wright}, E.~L.},
    title = "{A Cosmology Calculator for the World Wide Web}",
  journal = {\pasp},
   eprint = {astro-ph/0609593},
 keywords = {Cosmology: Miscellaneous, Methods: Miscellaneous},
     year = 2006,
    month = dec,
   volume = 118,
    pages = {1711-1715},
      doi = {10.1086/510102},
   adsurl = {http://adsabs.harvard.edu/abs/2006PASP..118.1711W},
  adsnote = {Provided by the SAO/NASA Astrophysics Data System}
}

@ARTICLE{ULXs,
   author = {{Swartz}, D.~A. and {Soria}, R. and {Tennant}, A.~F. and {Yukita}, M.
	},
    title = "{A Complete Sample of Ultraluminous X-ray Source Host Galaxies}",
  journal = {\apj},
archivePrefix = "arXiv",
   eprint = {1108.1372},
 primaryClass = "astro-ph.HE",
 keywords = {galaxies: general, surveys, X-rays: binaries, X-rays: galaxies, X-rays: general},
     year = 2011,
    month = nov,
   volume = 741,
      eid = {49},
    pages = {49},
      doi = {10.1088/0004-637X/741/1/49},
   adsurl = {http://adsabs.harvard.edu/abs/2011ApJ...741...49S},
  adsnote = {Provided by the SAO/NASA Astrophysics Data System}
}

@ARTICLE{ohsuga07,
   author = {{Ohsuga}, K.},
    title = "{Feedback from Supercritical Disk Accretion Flows: Two-dimensional Radiation-Hydrodynamic Simulations of Stable and Unstable Disks with Radiatively Driven Outflows}",
  journal = {\apj},
   eprint = {astro-ph/0703103},
 keywords = {Accretion, Accretion Disks, Black Hole Physics, Galaxies: Nuclei, Hydrodynamics, Radiative Transfer},
     year = 2007,
    month = apr,
   volume = 659,
    pages = {205-210},
      doi = {10.1086/512118},
   adsurl = {http://adsabs.harvard.edu/abs/2007ApJ...659..205O},
  adsnote = {Provided by the SAO/NASA Astrophysics Data System}
}

@ARTICLE{ohsuga05,
   author = {{Ohsuga}, K. and {Mori}, M. and {Nakamoto}, T. and {Mineshige}, S.
	},
    title = "{Supercritical Accretion Flows around Black Holes: Two-dimensional, Radiation Pressure-dominated Disks with Photon Trapping}",
  journal = {\apj},
   eprint = {astro-ph/0504168},
 keywords = {Accretion, Accretion Disks, Black Hole Physics, Hydrodynamics, Methods: Numerical, Radiative Transfer},
     year = 2005,
    month = jul,
   volume = 628,
    pages = {368-381},
      doi = {10.1086/430728},
   adsurl = {http://adsabs.harvard.edu/abs/2005ApJ...628..368O},
  adsnote = {Provided by the SAO/NASA Astrophysics Data System}
}

@ARTICLE{jiang14,
   author = {{Jiang}, Y.-F. and {Stone}, J.~M. and {Davis}, S.~W.},
    title = "{A Global Three Dimensional Radiation Magneto-hydrodynamic Simulation of Super-Eddington Accretion Disks}",
  journal = {ArXiv e-prints},
archivePrefix = "arXiv",
   eprint = {1410.0678},
 primaryClass = "astro-ph.HE",
 keywords = {Astrophysics - High Energy Astrophysical Phenomena},
     year = 2014,
    month = oct,
   adsurl = {http://adsabs.harvard.edu/abs/2014arXiv1410.0678J},
  adsnote = {Provided by the SAO/NASA Astrophysics Data System}
}

@ARTICLE{katz86,
   author = {{Katz}, J.~I.},
    title = "{SS433 - Another view}",
  journal = {Comments on Astrophysics},
 keywords = {ACCRETION DISKS, ASTRONOMICAL MODELS, BINARY STARS, PLASMA JETS, STELLAR MODELS, X RAY SOURCES, COMPANION STARS, EMISSION SPECTRA, LINE SPECTRA, STELLAR MASS ACCRETION, STELLAR MASS EJECTION},
     year = 1986,
    month = sep,
   volume = 11,
    pages = {201-211},
   adsurl = {http://adsabs.harvard.edu/abs/1986ComAp..11..201K},
  adsnote = {Provided by the SAO/NASA Astrophysics Data System}
}

@ARTICLE{morgan10,
   author = {{Morgan}, C.~W. and {Kochanek}, C.~S. and {Morgan}, N.~D. and 
	{Falco}, E.~E.},
    title = "{The Quasar Accretion Disk Size-Black Hole Mass Relation}",
  journal = {\apj},
archivePrefix = "arXiv",
   eprint = {1002.4160},
 primaryClass = "astro-ph.CO",
 keywords = {accretion, accretion disks, dark matter, gravitational lensing: micro, gravitational lensing: strong, quasars: general},
     year = 2010,
    month = apr,
   volume = 712,
    pages = {1129-1136},
      doi = {10.1088/0004-637X/712/2/1129},
   adsurl = {http://adsabs.harvard.edu/abs/2010ApJ...712.1129M},
  adsnote = {Provided by the SAO/NASA Astrophysics Data System}
}

@INPROCEEDINGS{wambsganss,
   author = {{Wambsganss}, J.},
    title = "{Part 4: Gravitational microlensing}",
 keywords = {Gravitational Microlensing, Extrasolar Planets},
booktitle = {Saas-Fee Advanced Course 33: Gravitational Lensing: Strong, Weak and Micro},
     year = 2006,
   editor = "{G.~Meylan, P.~Jetzer, P.~North, P.~Schneider, C.~S.~Kochanek, \& 
	J.~Wambsganss}",
    pages = {453-540},
   adsurl = {http://adsabs.harvard.edu/abs/2006glsw.conf..453W},
  adsnote = {Provided by the SAO/NASA Astrophysics Data System}
}

@ARTICLE{ALP97,
   author = {{Abramowicz}, M.~A. and {Lanza}, A. and {Percival}, M.~J.},
    title = "{Accretion Disks around Kerr Black Holes: Vertical Equilibrium Revisited}",
  journal = {\apj},
 keywords = {Accretion, Accretion Disks, Black Hole Physics, Hydrodynamics, Relativity},
     year = 1997,
    month = apr,
   volume = 479,
    pages = {179-183},
   adsurl = {http://adsabs.harvard.edu/abs/1997ApJ...479..179A},
  adsnote = {Provided by the SAO/NASA Astrophysics Data System}
}

@ARTICLE{penna10,
   author = {{Penna}, R.~F. and {McKinney}, J.~C. and {Narayan}, R. and {Tchekhovskoy}, A. and 
	{Shafee}, R. and {McClintock}, J.~E.},
    title = "{Simulations of magnetized discs around black holes: effects of black hole spin, disc thickness and magnetic field geometry}",
  journal = {\mnras},
archivePrefix = "arXiv",
   eprint = {1003.0966},
 primaryClass = "astro-ph.HE",
 keywords = {accretion, accretion discs, black hole physics, gravitation, hydrodynamics, MHD, methods: numerical},
     year = 2010,
    month = oct,
   volume = 408,
    pages = {752-782},
      doi = {10.1111/j.1365-2966.2010.17170.x},
   adsurl = {http://adsabs.harvard.edu/abs/2010MNRAS.408..752P},
  adsnote = {Provided by the SAO/NASA Astrophysics Data System}
}

@ARTICLE{relvonzeipel,
   author = {{Abramowicz}, M.~A.},
    title = "{The Relativistic von Zeipel's Theorem}",
  journal = {\actaa},
     year = 1971,
   volume = 21,
    pages = {81},
   adsurl = {http://adsabs.harvard.edu/abs/1971AcA....21...81A},
  adsnote = {Provided by the SAO/NASA Astrophysics Data System}
}

@ARTICLE{NY95,
   author = {{Narayan}, R. and {Yi}, I.},
    title = "{Advection-dominated accretion: Self-similarity and bipolar outflows}",
  journal = {\apj},
   eprint = {astro-ph/9411058},
 keywords = {Accretion Disks, Advection, Analogies, Axisymmetric Flow, Bipolarity, Computational Astrophysics, Flow Equations, Viscous Flow, Approximation, Convection, Flow Characteristics, Hydrodynamics, Interstellar Matter, Stellar Rotation, Viscosity},
     year = 1995,
    month = may,
   volume = 444,
    pages = {231-243},
      doi = {10.1086/175599},
   adsurl = {http://adsabs.harvard.edu/abs/1995ApJ...444..231N},
  adsnote = {Provided by the SAO/NASA Astrophysics Data System}
}

@ARTICLE{harm1,
   author = {{Gammie}, C.~F. and {McKinney}, J.~C. and {T{\'o}th}, G.},
    title = "{HARM: A Numerical Scheme for General Relativistic Magnetohydrodynamics}",
  journal = {\apj},
   eprint = {astro-ph/0301509},
 keywords = {Accretion, Accretion Disks, Black Hole Physics, Methods: Numerical, Magnetohydrodynamics: MHD},
     year = 2003,
    month = may,
   volume = 589,
    pages = {444-457},
      doi = {10.1086/374594},
   adsurl = {http://adsabs.harvard.edu/abs/2003ApJ...589..444G},
  adsnote = {Provided by the SAO/NASA Astrophysics Data System}
}

@ARTICLE{harm2,
   author = {{Noble}, S.~C. and {Gammie}, C.~F. and {McKinney}, J.~C. and 
	{Del Zanna}, L.},
    title = "{Primitive Variable Solvers for Conservative General Relativistic Magnetohydrodynamics}",
  journal = {\apj},
   eprint = {astro-ph/0512420},
 keywords = {Hydrodynamics, Methods: Numerical, Magnetohydrodynamics: MHD},
     year = 2006,
    month = apr,
   volume = 641,
    pages = {626-637},
      doi = {10.1086/500349},
   adsurl = {http://adsabs.harvard.edu/abs/2006ApJ...641..626N},
  adsnote = {Provided by the SAO/NASA Astrophysics Data System}
}

@ARTICLE{azpaper,
   author = {{Abolmasov}, P.},
    title = "{The thickness of a weakly magnetized accretion flow inside the last stable orbit of a Kerr black hole}",
  journal = {\mnras},
archivePrefix = "arXiv",
   eprint = {1408.6449},
 primaryClass = "astro-ph.HE",
 keywords = {accretion, accretion discs, black hole physics, magnetic fields, relativistic processes},
     year = 2014,
    month = dec,
   volume = 445,
    pages = {1269-1287},
      doi = {10.1093/mnras/stu1753},
   adsurl = {http://adsabs.harvard.edu/abs/2014MNRAS.445.1269A},
  adsnote = {Provided by the SAO/NASA Astrophysics Data System}
}

@ARTICLE{vzc,
   author = {{Chakrabarti}, S.~K.},
    title = "{Von-Zeipel Surfaces}",
  journal = {\mnras},
     year = 1990,
    month = aug,
   volume = 245,
    pages = {747},
   adsurl = {http://adsabs.harvard.edu/abs/1990MNRAS.245..747C},
  adsnote = {Provided by the SAO/NASA Astrophysics Data System}
}

@book{FS13,
  title={Rotating Relativistic Stars},
  author={Friedman, J.L. and Stergioulas, N.},
  isbn={9780521872546},
  lccn={2012036771},
  series={Cambridge Monographs on Mathematical Physics},
  url={https://books.google.fi/books?id=pv8djXCCwToC},
  year={2013},
  publisher={Cambridge University Press}
}

@book{tassoul,
  title={Stellar Rotation},
  author={Tassoul, J.L.},
  isbn={9781139428323},
  lccn={99016740},
  series={Cambridge Astrophysics},
  url={http://books.google.fi/books?id=yWh0MR\_xCg8C},
  year={2000},
  publisher={Cambridge University Press}
}

@ARTICLE{lutovinov,
   author = {{Lutovinov}, A.~A. and {Revnivtsev}, M.~G. and {Tsygankov}, S.~S. and 
	{Krivonos}, R.~A.},
    title = "{Population of persistent high-mass X-ray binaries in the Milky Way}",
  journal = {\mnras},
archivePrefix = "arXiv",
   eprint = {1302.0728},
 primaryClass = "astro-ph.HE",
 keywords = {Galaxy: general, Galaxy: stellar content, X-rays: binaries, X-rays: stars},
     year = 2013,
    month = may,
   volume = 431,
    pages = {327-341},
      doi = {10.1093/mnras/stt168},
   adsurl = {http://adsabs.harvard.edu/abs/2013MNRAS.431..327L},
  adsnote = {Provided by the SAO/NASA Astrophysics Data System}
}

@ARTICLE{cygx1mass,
   author = {{Orosz}, J.~A. and {McClintock}, J.~E. and {Aufdenberg}, J.~P. and 
	{Remillard}, R.~A. and {Reid}, M.~J. and {Narayan}, R. and {Gou}, L.
	},
    title = "{The Mass of the Black Hole in Cygnus X-1}",
  journal = {\apj},
archivePrefix = "arXiv",
   eprint = {1106.3689},
 primaryClass = "astro-ph.HE",
 keywords = {binaries: general, black hole physics, stars: individual: Cygnus X-1, X-rays: binaries},
     year = 2011,
    month = dec,
   volume = 742,
      eid = {84},
    pages = {84},
      doi = {10.1088/0004-637X/742/2/84},
   adsurl = {http://adsabs.harvard.edu/abs/2011ApJ...742...84O},
  adsnote = {Provided by the SAO/NASA Astrophysics Data System}
}

@ARTICLE{grsmass,
   author = {{Reid}, M.~J. and {McClintock}, J.~E. and {Steiner}, J.~F. and 
	{Steeghs}, D. and {Remillard}, R.~A. and {Dhawan}, V. and {Narayan}, R.
	},
    title = "{A Parallax Distance to the Microquasar GRS 1915+105 and a Revised Estimate of its Black Hole Mass}",
  journal = {\apj},
archivePrefix = "arXiv",
   eprint = {1409.2453},
 keywords = {astrometry, black hole physics, stars: distances, stars: individual: GRS 1915+105, X-rays: binaries},
     year = 2014,
    month = nov,
   volume = 796,
      eid = {2},
    pages = {2},
      doi = {10.1088/0004-637X/796/1/2},
   adsurl = {http://adsabs.harvard.edu/abs/2014ApJ...796....2R},
  adsnote = {Provided by the SAO/NASA Astrophysics Data System}
}


@ARTICLE{lipunova99,
   author = {{Lipunova}, G.~V.},
    title = "{Supercritical disk accretion with mass loss}",
  journal = {Astronomy Letters},
   eprint = {astro-ph/9906324},
     year = 1999,
    month = aug,
   volume = 25,
    pages = {508-517},
   adsurl = {http://adsabs.harvard.edu/abs/1999AstL...25..508L},
  adsnote = {Provided by the SAO/NASA Astrophysics Data System}
}

@ARTICLE{geokerr,
   author = {{Dexter}, J. and {Agol}, E.},
    title = "{A Fast New Public Code for Computing Photon Orbits in a Kerr Spacetime}",
  journal = {\apj},
archivePrefix = "arXiv",
   eprint = {0903.0620},
 primaryClass = "astro-ph.HE",
 keywords = {accretion, accretion disks, black hole physics, radiative transfer, relativity},
     year = 2009,
    month = may,
   volume = 696,
    pages = {1616-1629},
      doi = {10.1088/0004-637X/696/2/1616},
   adsurl = {http://adsabs.harvard.edu/abs/2009ApJ...696.1616D},
  adsnote = {Provided by the SAO/NASA Astrophysics Data System}
}

@ARTICLE{paperI,
   author = {{Abolmasov}, P. and {Shakura}, N.~I.},
    title = "{Resolving the inner structure of QSO discs through fold-caustic-crossing events}",
  journal = {\mnras},
archivePrefix = "arXiv",
   eprint = {1203.2656},
 primaryClass = "astro-ph.HE",
 keywords = {accretion, accretion discs, gravitational lensing: micro, quasars: individual: QSO J2237+0305, quasars: individual: SBS J1520+530},
     year = 2012,
    month = jun,
   volume = 423,
    pages = {676-693},
      doi = {10.1111/j.1365-2966.2012.20904.x},
   adsurl = {http://adsabs.harvard.edu/abs/2012MNRAS.423..676A},
  adsnote = {Provided by the SAO/NASA Astrophysics Data System}
}

@INPROCEEDINGS{progawinds,
   author = {{Proga}, D.},
    title = "{Theory of Winds in AGNs}",
booktitle = {The Central Engine of Active Galactic Nuclei},
     year = 2007,
   series = {Astronomical Society of the Pacific Conference Series},
   volume = 373,
   eprint = {astro-ph/0701100},
   editor = {{Ho}, L.~C. and {Wang}, J.-W.},
    month = oct,
    pages = {267},
   adsurl = {http://adsabs.harvard.edu/abs/2007ASPC..373..267P},
  adsnote = {Provided by the SAO/NASA Astrophysics Data System}
}

@ARTICLE{vonzeipel,
   author = {{von Zeipel}, H.},
    title = "{The radiative equilibrium of a rotating system of gaseous masses}",
  journal = {\mnras},
     year = 1924,
    month = jun,
   volume = 84,
    pages = {665-683},
   adsurl = {http://adsabs.harvard.edu/abs/1924MNRAS..84..665V},
  adsnote = {Provided by the SAO/NASA Astrophysics Data System}
}

@ARTICLE{lawrence,
   author = {{Lawrence}, A.},
    title = "{The UV peak in active galactic nuclei: a false continuum from blurred reflection?}",
  journal = {\mnras},
archivePrefix = "arXiv",
   eprint = {1110.0854},
 primaryClass = "astro-ph.CO",
 keywords = {accretion, accretion discs, galaxies: active, quasars: emission lines},
     year = 2012,
    month = jun,
   volume = 423,
    pages = {451-463},
      doi = {10.1111/j.1365-2966.2012.20889.x},
   adsurl = {http://adsabs.harvard.edu/abs/2012MNRAS.423..451L},
  adsnote = {Provided by the SAO/NASA Astrophysics Data System}
}

@ARTICLE{done07,
   author = {{Done}, C. and {Gierli{\'n}ski}, M. and {Kubota}, A.},
    title = "{Modelling the behaviour of accretion flows in X-ray binaries. Everything you always wanted to know about accretion but were afraid to ask}",
  journal = {\aapr},
archivePrefix = "arXiv",
   eprint = {0708.0148},
 keywords = {Accretion, accretion discs, Black hole physics, X-rays: binaries},
     year = 2007,
    month = dec,
   volume = 15,
    pages = {1-66},
      doi = {10.1007/s00159-007-0006-1},
   adsurl = {http://adsabs.harvard.edu/abs/2007A%26ARv..15....1D},
  adsnote = {Provided by the SAO/NASA Astrophysics Data System}
}


@ARTICLE{lifits,
   author = {{Li}, L.-X. and {Zimmerman}, E.~R. and {Narayan}, R. and {McClintock}, J.~E.
	},
    title = "{Multitemperature Blackbody Spectrum of a Thin Accretion Disk around a Kerr Black Hole: Model Computations and Comparison with Observations}",
  journal = {\apjs},
   eprint = {astro-ph/0411583},
 keywords = {Accretion, Accretion Disks, Black Hole Physics, Radiation Mechanisms: Thermal, X-Rays: Binaries},
     year = 2005,
    month = apr,
   volume = 157,
    pages = {335-370},
      doi = {10.1086/428089},
   adsurl = {http://adsabs.harvard.edu/abs/2005ApJS..157..335L},
  adsnote = {Provided by the SAO/NASA Astrophysics Data System}
}

@ARTICLE{NMC12,
   author = {{Narayan}, R. and {McClintock}, J.~E.},
    title = "{Observational evidence for a correlation between jet power and black hole spin}",
  journal = {\mnras},
archivePrefix = "arXiv",
   eprint = {1112.0569},
 primaryClass = "astro-ph.HE",
 keywords = {accretion, accretion discs, black hole physics, binaries: close, ISM: jets and outflows, X-rays: binaries},
     year = 2012,
    month = jan,
   volume = 419,
    pages = {L69-L73},
      doi = {10.1111/j.1745-3933.2011.01181.x},
   adsurl = {http://adsabs.harvard.edu/abs/2012MNRAS.419L..69N},
  adsnote = {Provided by the SAO/NASA Astrophysics Data System}
}

@ARTICLE{MM00,
   author = {{Meyer}, F. and {Liu}, B.~F. and {Meyer-Hofmeister}, E.},
    title = "{Black hole X-ray binaries: a new view on soft-hard spectral transitions}",
  journal = {\aap},
   eprint = {astro-ph/0002053},
 keywords = {ACCRETION, ACCRETION DISKS, STARS: BINARIES: CLOSE, BLACK HOLE PHYSICS, X-RAYS: STARS, STARS: INDIVIDUAL: A0620-00},
     year = 2000,
    month = feb,
   volume = 354,
    pages = {L67-L70},
   adsurl = {http://adsabs.harvard.edu/abs/2000A%26A...354L..67M},
  adsnote = {Provided by the SAO/NASA Astrophysics Data System}
}

@ARTICLE{abram88,
   author = {{Abramowicz}, M.~A. and {Czerny}, B. and {Lasota}, J.~P. and 
	{Szuszkiewicz}, E.},
    title = "{Slim accretion disks}",
  journal = {\apj},
 keywords = {Accretion Disks, Astronomical Models, Black Holes (Astronomy), Stellar Mass Accretion, Computational Astrophysics, Eddington Approximation, Navier-Stokes Equation, Roche Limit},
     year = 1988,
    month = sep,
   volume = 332,
    pages = {646-658},
      doi = {10.1086/166683},
   adsurl = {http://adsabs.harvard.edu/abs/1988ApJ...332..646A},
  adsnote = {Provided by the SAO/NASA Astrophysics Data System}
}

@ARTICLE{FM76,
   author = {{Fishbone}, L.~G. and {Moncrief}, V.},
    title = "{Relativistic fluid disks in orbit around Kerr black holes}",
  journal = {\apj},
 keywords = {Black Holes (Astronomy), Fluid Flow, Isentropic Processes, Relativistic Effects, Stellar Envelopes, Angular Momentum, Disks (Shapes), Euler Equations Of Motion, Flow Equations, Gravitational Fields, Newton Theory},
     year = 1976,
    month = aug,
   volume = 207,
    pages = {962-976},
      doi = {10.1086/154565},
   adsurl = {http://adsabs.harvard.edu/abs/1976ApJ...207..962F},
  adsnote = {Provided by the SAO/NASA Astrophysics Data System}
}

@ARTICLE{K78,
   author = {{Kozlowski}, M. and {Jaroszynski}, M. and {Abramowicz}, M.~A.
	},
    title = "{The analytic theory of fluid disks orbiting the Kerr black hole}",
  journal = {\aap},
 keywords = {Angular Momentum, Black Holes (Astronomy), Flow Theory, Relativity, Rotating Disks, Astronomical Models, Circular Orbits, Cusps, Gravitational Effects, Rotating Fluids, Stellar Mass Accretion},
     year = 1978,
    month = feb,
   volume = 63,
    pages = {209-220},
   adsurl = {http://adsabs.harvard.edu/abs/1978A%26A....63..209K},
  adsnote = {Provided by the SAO/NASA Astrophysics Data System}
}

@ARTICLE{svert,
   author = {{S{\c a}dowski}, A. and {Abramowicz}, M. and {Bursa}, M. and 
	{Klu{\'z}niak}, W. and {Lasota}, J.-P. and {R{\'o}{\.z}a{\'n}ska}, A.
	},
    title = "{Relativistic slim disks with vertical structure}",
  journal = {\aap},
archivePrefix = "arXiv",
   eprint = {1006.4309},
 primaryClass = "astro-ph.HE",
 keywords = {black holes physics, accretion, accretion disks},
     year = 2011,
    month = mar,
   volume = 527,
      eid = {A17},
    pages = {A17},
      doi = {10.1051/0004-6361/201015256},
   adsurl = {http://adsabs.harvard.edu/abs/2011A%26A...527A..17S},
  adsnote = {Provided by the SAO/NASA Astrophysics Data System}
}

@ARTICLE{penna13,
   author = {{Penna}, R.~F. and {Kulkarni}, A. and {Narayan}, R.},
    title = "{A new equilibrium torus solution and GRMHD initial conditions}",
  journal = {\aap},
archivePrefix = "arXiv",
   eprint = {1309.3680},
 primaryClass = "astro-ph.HE",
 keywords = {accretion, accretion disks, hydrodynamics, black hole physics},
     year = 2013,
    month = nov,
   volume = 559,
      eid = {A116},
    pages = {A116},
      doi = {10.1051/0004-6361/201219666},
   adsurl = {http://adsabs.harvard.edu/abs/2013A%26A...559A.116P},
  adsnote = {Provided by the SAO/NASA Astrophysics Data System}
}

@ARTICLE{shafee,
   author = {{Shafee}, R. and {McKinney}, J.~C. and {Narayan}, R. and {Tchekhovskoy}, A. and 
	{Gammie}, C.~F. and {McClintock}, J.~E.},
    title = "{Three-Dimensional Simulations of Magnetized Thin Accretion Disks around Black Holes: Stress in the Plunging Region}",
  journal = {\apjl},
archivePrefix = "arXiv",
   eprint = {0808.2860},
 keywords = {Accretion, Accretion Disks, Stars: Binaries: Close, Black Hole Physics, X-Rays: Stars},
     year = 2008,
    month = nov,
   volume = 687,
    pages = {L25-L28},
      doi = {10.1086/593148},
   adsurl = {http://adsabs.harvard.edu/abs/2008ApJ...687L..25S},
  adsnote = {Provided by the SAO/NASA Astrophysics Data System}
}

@ARTICLE{czerny86,
   author = {{Muchotrzeb-Czerny}, B.},
    title = "{Transonic accretion flow in a thin disk around a black hole. III - Analytic considerations}",
  journal = {\actaa},
 keywords = {Accretion Disks, Black Holes (Astronomy), Transonic Flow, Critical Point, Isothermal Processes, Numerical Stability, Stellar Mass Accretion, Viscosity},
     year = 1986,
   volume = 36,
    pages = {1-17},
   adsurl = {http://ads.ari.uni-heidelberg.de/abs/1986AcA....36....1M},
  adsnote = {Provided by the SAO/NASA Astrophysics Data System}
}

@ARTICLE{arava,
   author = {{Avara}, M.~J. and {McKinney}, J.~C. and {Reynolds}, C.~S.},
    title = "{Efficiency of Thin Magnetically-Arrested Disks Around Black Holes}",
  journal = {ArXiv e-prints},
archivePrefix = "arXiv",
   eprint = {1508.05323},
 primaryClass = "astro-ph.HE",
 keywords = {Astrophysics - High Energy Astrophysical Phenomena, General Relativity and Quantum Cosmology},
     year = 2015,
    month = aug,
   adsurl = {http://adsabs.harvard.edu/abs/2015arXiv150805323A},
  adsnote = {Provided by the SAO/NASA Astrophysics Data System}
}

@BOOK{RL,
   author = {{Rybicki}, G.~B. and {Lightman}, A.~P.},
    title = "{Radiative Processes in Astrophysics}",
booktitle = {Radiative Processes in Astrophysics, by George B.~Rybicki, Alan P.~Lightman, pp.~400.~ISBN 0-471-82759-2.~Wiley-VCH , June 1986.},
publisher = {Wiley-VCH},
     year = 1986,
    month = jun,
   adsurl = {http://adsabs.harvard.edu/abs/1986rpa..book.....R},
  adsnote = {Provided by the SAO/NASA Astrophysics Data System}
}

@ARTICLE{kerrsuper,
   author = {{Abolmasov}, P. and {Chashkina}, A.},
    title = "{On the Eddington limit for relativistic accretion discs}",
  journal = {\mnras},
archivePrefix = "arXiv",
   eprint = {1509.07261},
 primaryClass = "astro-ph.HE",
 keywords = {accretion, accretion discs, radiation: dynamics, relativistic processes, X-rays: general},
     year = 2015,
    month = dec,
   volume = 454,
    pages = {3432-3444},
      doi = {10.1093/mnras/stv2229},
   adsurl = {http://adsabs.harvard.edu/abs/2015MNRAS.454.3432A},
  adsnote = {Provided by the SAO/NASA Astrophysics Data System}
}

@ARTICLE{betch05,
   author = {{Beskin}, V. and {Tchekhovskoy}, A.},
    title = "{Two-dimensional structure of thin transonic discs: Theory and observational manifestations}",
  journal = {\aap},
   eprint = {astro-ph/0412027},
 keywords = {hydrodynamics, accretion, accretion disks, black hole physics},
     year = 2005,
    month = apr,
   volume = 433,
    pages = {619-628},
      doi = {10.1051/0004-6361:20041592},
   adsurl = {http://adsabs.harvard.edu/abs/2005A%26A...433..619B},
  adsnote = {Provided by the SAO/NASA Astrophysics Data System}
}
@ARTICLE{rafikov,
   author = {{Philippov}, A.~A. and {Rafikov}, R.~R.},
    title = "{Radial Transport and Meridional Circulation in Accretion Disks}",
  journal = {\apj},
archivePrefix = "arXiv",
   eprint = {1701.01912},
 primaryClass = "astro-ph.HE",
 keywords = {accretion, accretion disks, hydrodynamics, protoplanetary disks },
     year = 2017,
    month = mar,
   volume = 837,
      eid = {101},
    pages = {101},
      doi = {10.3847/1538-4357/aa60ca},
   adsurl = {http://adsabs.harvard.edu/abs/2017ApJ...837..101P},
  adsnote = {Provided by the SAO/NASA Astrophysics Data System}
}

@ARTICLE{fromang11,
   author = {{Fromang}, S. and {Lyra}, W. and {Masset}, F.},
    title = "{Meridional circulation in turbulent protoplanetary disks}",
  journal = {\aap},
archivePrefix = "arXiv",
   eprint = {1102.0671},
 primaryClass = "astro-ph.EP",
 keywords = {methods: numerical, magnetohydrodynamics (MHD), accretion, accretion disks, protoplanetary disks},
     year = 2011,
    month = oct,
   volume = 534,
      eid = {A107},
    pages = {A107},
      doi = {10.1051/0004-6361/201016068},
   adsurl = {http://adsabs.harvard.edu/abs/2011A%26A...534A.107F},
  adsnote = {Provided by the SAO/NASA Astrophysics Data System}
}

@ARTICLE{QG00,
   author = {{Quataert}, E. and {Gruzinov}, A.},
    title = "{Convection-dominated Accretion Flows}",
  journal = {\apj},
   eprint = {astro-ph/9912440},
 keywords = {Accretion, Accretion Disks, Convection, Hydrodynamics},
     year = 2000,
    month = aug,
   volume = 539,
    pages = {809-814},
      doi = {10.1086/309267},
   adsurl = {http://adsabs.harvard.edu/abs/2000ApJ...539..809Q},
  adsnote = {Provided by the SAO/NASA Astrophysics Data System}
}

@ARTICLE{uzdensky13,
   author = {{Uzdensky}, D.~A.},
    title = "{Vertical Structure and Coronal Power of Accretion Disks Powered by Magnetorotational-instability Turbulence}",
  journal = {\apj},
archivePrefix = "arXiv",
   eprint = {1205.6537},
 primaryClass = "astro-ph.HE",
 keywords = {accretion, accretion disks, magnetic fields, radiative transfer },
     year = 2013,
    month = oct,
   volume = 775,
      eid = {103},
    pages = {103},
      doi = {10.1088/0004-637X/775/2/103},
   adsurl = {http://adsabs.harvard.edu/abs/2013ApJ...775..103U},
  adsnote = {Provided by the SAO/NASA Astrophysics Data System}
}

@ARTICLE{KS98,
   author = {{Ketsaris}, N.~A. and {Shakura}, N.~I.},
    title = "{On the Calculation of the Vertical Structure of Accretion Discs}",
  journal = {Astronomical and Astrophysical Transactions},
     year = 1998,
   volume = 15,
    pages = {193},
      doi = {10.1080/10556799808201769},
   adsurl = {http://adsabs.harvard.edu/abs/1998A%26AT...15..193K},
  adsnote = {Provided by the SAO/NASA Astrophysics Data System}
}

@ARTICLE{stollkley,
   author = {{Stoll}, M.~H.~R. and {Kley}, W.},
    title = "{Particle dynamics in discs with turbulence generated by the vertical shear instability}",
  journal = {\aap},
archivePrefix = "arXiv",
   eprint = {1607.02322},
 primaryClass = "astro-ph.EP",
 keywords = {instabilities, hydrodynamics, accretion, accretion disks, radiative transfer},
     year = 2016,
    month = oct,
   volume = 594,
      eid = {A57},
    pages = {A57},
      doi = {10.1051/0004-6361/201527716},
   adsurl = {http://adsabs.harvard.edu/abs/2016A%26A...594A..57S},
  adsnote = {Provided by the SAO/NASA Astrophysics Data System}
}

@ARTICLE{ECK88,
   author = {{Eggum}, G.~E. and {Coroniti}, F.~V. and {Katz}, J.~I.},
    title = "{Radiation hydrodynamic calculation of super-Eddington accretion disks}",
  journal = {\apj},
 keywords = {Accretion Disks, Active Galactic Nuclei, Black Holes (Astronomy), Computational Astrophysics, Hydrodynamics, Radiative Transfer, Thomson Scattering, Angular Momentum, Radiation Pressure, Time Dependence, X Ray Sources},
     year = 1988,
    month = jul,
   volume = 330,
    pages = {142-167},
      doi = {10.1086/166462},
   adsurl = {http://adsabs.harvard.edu/abs/1988ApJ...330..142E},
  adsnote = {Provided by the SAO/NASA Astrophysics Data System}
}



@ARTICLE{INA03,
   author = {{Igumenshchev}, I.~V. and {Narayan}, R. and {Abramowicz}, M.~A.
	},
    title = "{Three-dimensional Magnetohydrodynamic Simulations of Radiatively Inefficient Accretion Flows}",
  journal = {\apj},
   eprint = {astro-ph/0301402},
 keywords = {Accretion, Accretion Disks, Black Hole Physics, Convection, Magnetohydrodynamics: MHD, Turbulence},
     year = 2003,
    month = aug,
   volume = 592,
    pages = {1042-1059},
      doi = {10.1086/375769},
   adsurl = {http://adsabs.harvard.edu/abs/2003ApJ...592.1042I},
  adsnote = {Provided by the SAO/NASA Astrophysics Data System}
}

@ARTICLE{sana16,
   author = {{S{\c a}dowski}, A. and {Narayan}, R.},
    title = "{Three-dimensional simulations of supercritical black hole accretion discs - luminosities, photon trapping and variability}",
  journal = {\mnras},
archivePrefix = "arXiv",
   eprint = {1509.03168},
 primaryClass = "astro-ph.HE",
 keywords = {accretion, accretion discs, black hole physics, relativistic processes, methods: numerical},
     year = 2016,
    month = mar,
   volume = 456,
    pages = {3929-3947},
      doi = {10.1093/mnras/stv2941},
   adsurl = {http://adsabs.harvard.edu/abs/2016MNRAS.456.3929S},
  adsnote = {Provided by the SAO/NASA Astrophysics Data System}
}

@ARTICLE{urpin84,
   author = {{Urpin}, V.~A.},
    title = "{Hydrodynamic Flows in Accretion Disks}",
  journal = {\sovast},
     year = 1984,
    month = feb,
   volume = 28,
    pages = {50-53},
   adsurl = {http://adsabs.harvard.edu/abs/1984SvA....28...50U},
  adsnote = {Provided by the SAO/NASA Astrophysics Data System}
}
@book{kinetics,
  title={Physical Kinetics},
  author={Pitaevskii, L.P. and Lifshitz, E.M.},
  number={v. 10},
  isbn={9780080570495},
  url={https://books.google.ru/books?id=DTHxPDfV0fQC},
  year={2012},
  publisher={Elsevier Science}
}

@ARTICLE{wasiutynski,
   author = {{Wasiutynski}, J.},
    title = "{Studies in Hydrodynamics and Structure of Stars and Planets}",
  journal = {Astrophysica Norvegica},
     year = 1946,
   volume = 4,
    pages = {1-497},
   adsurl = {http://adsabs.harvard.edu/abs/1946ApNr....4....1W},
  adsnote = {Provided by the SAO/NASA Astrophysics Data System}
}

@ARTICLE{tayler73,
   author = {{Tayler}, R.~J.},
    title = "{Convection in rotating stars}",
  journal = {\mnras},
     year = 1973,
   volume = 165,
    pages = {39},
      doi = {10.1093/mnras/165.1.39},
   adsurl = {http://adsabs.harvard.edu/abs/1973MNRAS.165...39T},
  adsnote = {Provided by the SAO/NASA Astrophysics Data System}
}

@ARTICLE{igu02,
   author = {{Igumenshchev}, I.~V.},
    title = "{On Angular Momentum Transport in Convection-dominated Accretion Flows}",
  journal = {\apjl},
   eprint = {astro-ph/0208240},
 keywords = {Accretion, Accretion Disks, Black Hole Physics, Convection, Hydrodynamics, Magnetohydrodynamics: MHD, Turbulence},
     year = 2002,
    month = sep,
   volume = 577,
    pages = {L31-L34},
      doi = {10.1086/344148},
   adsurl = {http://adsabs.harvard.edu/abs/2002ApJ...577L..31I},
  adsnote = {Provided by the SAO/NASA Astrophysics Data System}
}

@ARTICLE{ogilvie03,
   author = {{Ogilvie}, G.~I.},
    title = "{On the dynamics of magnetorotational turbulent stresses}",
  journal = {\mnras},
   eprint = {astro-ph/0212442},
 keywords = {accretion, accretion discs, hydrodynamics, MHD, turbulence},
     year = 2003,
    month = apr,
   volume = 340,
    pages = {969-982},
      doi = {10.1046/j.1365-8711.2003.06359.x},
   adsurl = {http://adsabs.harvard.edu/abs/2003MNRAS.340..969O},
  adsnote = {Provided by the SAO/NASA Astrophysics Data System}
}

@ARTICLE{PB13,
   author = {{Parkin}, E.~R. and {Bicknell}, G.~V.},
    title = "{Equilibrium Disks, Magnetorotational Instability Mode Excitation, and Steady-state Turbulence in Global Accretion Disk Simulations}",
  journal = {\apj},
archivePrefix = "arXiv",
   eprint = {1212.1306},
 primaryClass = "astro-ph.HE",
 keywords = {accretion, accretion disks, instabilities, magnetohydrodynamics: MHD, turbulence },
     year = 2013,
    month = feb,
   volume = 763,
      eid = {99},
    pages = {99},
      doi = {10.1088/0004-637X/763/2/99},
   adsurl = {http://adsabs.harvard.edu/abs/2013ApJ...763...99P},
  adsnote = {Provided by the SAO/NASA Astrophysics Data System}
}

@ARTICLE{sadowski16,
   author = {{S{\c a}dowski}, A. and {Narayan}, R.},
    title = "{Three-dimensional simulations of supercritical black hole accretion discs - luminosities, photon trapping and variability}",
  journal = {\mnras},
archivePrefix = "arXiv",
   eprint = {1509.03168},
 primaryClass = "astro-ph.HE",
 keywords = {accretion, accretion discs, black hole physics, relativistic processes, methods: numerical},
     year = 2016,
    month = mar,
   volume = 456,
    pages = {3929-3947},
      doi = {10.1093/mnras/stv2941},
   adsurl = {http://adsabs.harvard.edu/abs/2016MNRAS.456.3929S},
  adsnote = {Provided by the SAO/NASA Astrophysics Data System}
}


@ARTICLE{lipunova,
   author = {{Lipunova}, G.~V.},
    title = "{Supercritical disk accretion with mass loss}",
  journal = {Astronomy Letters},
   eprint = {astro-ph/9906324},
     year = 1999,
    month = aug,
   volume = 25,
    pages = {508-517},
   adsurl = {http://adsabs.harvard.edu/abs/1999AstL...25..508L},
  adsnote = {Provided by the SAO/NASA Astrophysics Data System}
}


@ARTICLE{zhustone,
   author = {{Zhu}, Z. and {Stone}, J.~M.},
    title = "{Global Evolution of an Accretion Disk with Net Vertical Field: Coronal Accretion, Flux Transport, and Disk Winds}",
  journal = {ArXiv e-prints},
archivePrefix = "arXiv",
   eprint = {1701.04627},
 primaryClass = "astro-ph.EP",
 keywords = {Astrophysics - Earth and Planetary Astrophysics},
     year = 2017,
    month = jan,
   adsurl = {http://adsabs.harvard.edu/abs/2017arXiv170104627Z},
  adsnote = {Provided by the SAO/NASA Astrophysics Data System}
}

